@article{chryssafidis,
    author = {Chryssafidis P., Tsekouras A. A., Macheras P.},
    year = {2021},
    title = {Revising pharmacokinetics of oral drug absorption: II. Bioavailabilityâ€“bioequivalence considerations.},
    publisher = {Pharmaceutical Research},
    edition = {38},
    pages = {1345-1356}
}

@article{macheras,
    author = {Macheras P., Chryssafidis P. },
    year = {2020},
    title = {Revising pharmacokinetics of oral drug absorption: I. Models based on biopharmaceutic, physiological, and finite absorption time concepts.},
    publisher = {Pharmaceutical Research},
    edition = {37},
    pages = {137}
}

@book{rowland,
    author = {Rowland M., Tozer T. N.},
    year = {2011},
    title = {Clinical Pharmacokinetics and Pharmacodynamics: Concepts and Applications.},
    publisher = {Philadelphia: Lippincott Williams {\&} Wilkins.},
    edition = {4},
    pages = {1345-1356}
}

@article{wu,
    author = {Wu D., Tsekouras A. A., Macheras P., Kesisoglou F.},
    year = {2023},
    title = {RPhysiologically based pharmacokinetic models under the prism of the finite absorption time concept.},
    publisher = {Pharmaceutical Research},
    edition = {40},
    pages = {419-429}
}
